<?xml version="1.0" encoding="UTF-8"?><collection xmlns="http://www.loc.gov/MARC21/slim"><record><leader>00384nam--2200145-i-4500</leader><controlfield tag="001">000024435</controlfield><controlfield tag="002">20161230</controlfield><controlfield tag="005">20161230201035</controlfield><controlfield tag="008">060222s1000------------r-----000-0-eng-d</controlfield><datafield ind1=" " ind2=" " tag="080"><subfield code="a">929:53(092)(01)</subfield></datafield><datafield ind1=" " ind2=" " tag="100"><subfield code="a">Ghica, Constantin A</subfield></datafield><datafield ind1=" " ind2=" " tag="245"><subfield code="a">Dragomir hurmuzescu</subfield></datafield><datafield ind1=" " ind2=" " tag="260"><subfield code="a">Bucuresti, Editura Stiintifica, 1967. 173p</subfield></datafield><datafield ind1=" " ind2=" " tag="490"><subfield code="a">Colectia Savanti De Pretutuindeni</subfield></datafield><datafield ind1=" " ind2=" " tag="852"><subfield code="a">76328</subfield></datafield></record></collection>